@article{Hullman2020a,
  author = {Hullman, Jessica},
  doi = {10.1109/TVCG.2019.2934287},
  eprint = {1908.01697},
  issn = {19410506},
  journal = {IEEE Transactions on Visualization and Computer Graphics},
  keywords = {Uncertainty visualization,graphical statistical inference,visualization rhetoric},
  month = {jan},
  number = {1},
  pages = {130--139},
  pmid = {31425093},
  publisher = {IEEE Computer Society},
  title = {{Why Authors Don't Visualize Uncertainty}},
  volume = {26},
  year = {2020}
}

@article{Kay2016,
  author = {Kay, Matthew and Kola, Tara and Hullman, Jessica R. and Munson, Sean A.},
  doi = {10.1145/2858036.2858558},
  isbn = {9781450333627},
  journal = {Conference on Human Factors in Computing Systems - Proceedings},
  pages = {5092--5103},
  title = {{When (ish) is my bus? User-centered visualizations of uncertainty in everyday, mobile predictive systems}},
  year = {2016}
}

@article{Hoekstra2014,
  author = {Hoekstra, Rink and Morey, Richard D. and Rouder, Jeffrey N. and Wagenmakers, Eric Jan},
  doi = {10.3758/s13423-013-0572-3},
  issn = {15315320},
  journal = {Psychonomic Bulletin and Review},
  number = {5},
  pages = {1157--1164},
  pmid = {24420726},
  title = {{Robust misinterpretation of confidence intervals}},
  volume = {21},
  year = {2014}
}

@article{Bella2005,
  author = {Bella, Sarah and Fidler, Fiona and Williams, Jennifer and Cumming, Geoff},
  doi = {10.1037/1082-989X.10.4.389},
  issn = {1082989X},
  journal = {Psychological Methods},
  number = {4},
  pages = {389--396},
  pmid = {16392994},
  title = {{Researchers misunderstand confidence intervals and standard error bars}},
  volume = {10},
  year = {2005}
}

@article{Fernandes2018,
  author = {Fernandes, Michael and Walls, Logan and Munson, Sean and Hullman, Jessica and Kay, Matthew},
  doi = {10.1145/3173574.3173718},
  isbn = {9781450356206},
  journal = {Conference on Human Factors in Computing Systems - Proceedings},
  keywords = {Cumulative distribution plots,Dotplots,Mobile interfaces,Transit predictions,Uncertainty visualization},
  pages = {1--12},
  title = {{Uncertainty displays using quantile dotplots or CDFs improve transit decision-making}},
  volume = {2018-April},
  year = {2018}
}

@article{Erev_1990,
  title={Verbal versus numerical probabilities: Efficiency, biases, and the preference paradoxâ˜†},
  year={1990},
  author={Ido Erev and Brent L. Cohen},
  doi={10.1016/0749-5978(90)90002-q},
  mag_id={1964768680},
  journal={Organizational Behavior and Human Decision Processes}
}

@article{Olson_1997,
  title={Patterns of Preference for Numerical and Verbal Probabilities},
  year={1997},
  author={Michael J. Olson and David V. Budescu},
  doi={10.1002/(sici)1099-0771(199706)10:2<117::aid-bdm251>3.0.co;2-7},
  mag_id={1995638840},
  journal={Journal of Behavioral Decision Making}
}

@article{Hullman2015,
  author = {Hullman, Jessica and Resnick, Paul and Adar, Eytan},
  doi = {10.1371/journal.pone.0142444},
  issn = {19326203},
  journal = {PLoS ONE},
  month = {nov},
  number = {11},
  pmid = {26571487},
  publisher = {Public Library of Science},
  title = {{Hypothetical outcome plots outperform error bars and violin plots for inferences about reliability of variable ordering}},
  volume = {10},
  year = {2015}
}

@unpublished{Nathonours,
  author = {Tomasetti, Nathaniel and Cook, Dianne},
  title = {{Comparing the Power of Plot Designs to Reveal Correlation}},
  year = {2015},
  note={\url{https://github.com/dicook/lineplots_v_scatterplot/blob/master/Nat_Tomasettig_honours_thesis.pdf}}
}

@article{Grewal2021,
  author = {Grewal, Yashvir and Goodwin, Sarah and Dwyer, Tim},
  doi = {10.1109/PACIFICVIS52677.2021.00013},
  isbn = {9781665439312},
  issn = {21658773},
  journal = {IEEE Pacific Visualization Symposium},
  month = {apr},
  pages = {41--45},
  publisher = {IEEE Computer Society},
  title = {{Visualising Temporal Uncertainty: A Taxonomy and Call for Systematic Evaluation}},
  volume = {2021-April},
  year = {2021}
}

@article{North2006,
  author = {North, Chris},
  doi = {10.1109/MCG.2006.70},
  issn = {02721716},
  journal = {IEEE Computer Graphics and Applications},
  number = {3},
  pages = {6--9},
  pmid = {16711210},
  publisher = {IEEE},
  title = {{Toward measuring visualization insight}},
  volume = {26},
  year = {2006}
}


@article{Ancker2009,
  author = {Ancker, Jessica S. and Chan, Connie and Kukafka, Rita},
  doi = {10.1080/10810730903032960},
  issn = {10810730},
  journal = {Journal of Health Communication},
  month = {jul},
  number = {5},
  pages = {461--475},
  pmid = {19657926},
  title = {{Interactive graphics for expressing health risks: Development and qualitative evaluation}},
  volume = {14},
  year = {2009}
}

@article{Savelli2013,
  author = {Savelli, Sonia and Joslyn, Susan},
  doi = {10.1002/acp.2932},
  issn = {08884080},
  journal = {Applied Cognitive Psychology},
  pages = {527--541},
  title = {{The advantages of predictive interval forecasts for non-expert users and the impact of visualizations}},
  volume = {27},
  year = {2013}
}

@article{Wickham2010,
  author = {Wickham, Hadley and Cook, Dianne and Hofmann, Heike and Buja, Andreas},
  doi = {10.1109/TVCG.2010.161},
  issn = {10772626},
  journal = {IEEE Transactions on Visualization and Computer Graphics},
  pages = {973--979},
  pmid = {20975134},
  title = {{Graphical inference for infovis}},
  volume = {16},
  year = {2010}
}

@techreport{Chowdhury,
  author = {Chowdhury, Niladri Roy and Cook, Dianne and Hofmann, Heike and Majumder, Mahbubul and Lee, Eun-Kyung and Toth, Amy L},
  title = {{Using Visual Statistical Inference to Better Understand Random Class Separations in High Dimension, Low Sample Size Data}}
}

@article{Pandey2015,
  author = {Pandey, Anshul Vikram and Rall, Katharina and Satterthwaite, Margaret L. and Nov, Oded and Bertini, Enrico},
  doi = {10.1145/2702123.2702608},
  isbn = {9781450331456},
  journal = {Conference on Human Factors in Computing Systems - Proceedings},
  pages = {1469--1478},
  title = {{How deceptive are deceptive visualizations?: An empirical analysis of common distortion techniques}},
  volume = {2015-April},
  year = {2015}
}

@article{Goldstein2014,
  author = {Goldstein, Daniel G. and Rothschild, David},
  issn = {19302975},
  journal = {Judgment and Decision Making},
  number = {1},
  pages = {1--14},
  title = {{Lay understanding of probability distributions}},
  volume = {9},
  year = {2014}
}

@techreport{Kobakian,
  author = {Kobakian, Stephanie and Cook, Dianne},
  title = {{Comparing the Effectiveness of the Choropleth Map with a Hexagon Tile Map for Communicating Cancer Statistics}}
}

@article{Kale2021,
  author = {Kale, Alex and Kay, Matthew and Hullman, Jessica},
  doi = {10.1109/TVCG.2020.3030335},
  eprint = {2007.14516},
  issn = {19410506},
  journal = {IEEE Transactions on Visualization and Computer Graphics},
  number = {2},
  pages = {272--282},
  pmid = {33048681},
  title = {{Visual reasoning strategies for effect size judgments and decisions}},
  volume = {27},
  year = {2021}
}

@article{Wickham2012,
  author = {Wickham, Hadley and Hofmann, Heike and Wickham, Charlotte and Cook, Dianne},
  doi = {10.1002/env.2152},
  issn = {11804009},
  journal = {Environmetrics},
  month = {aug},
  number = {5},
  pages = {382--393},
  title = {{Glyph-maps for visually exploring temporal patterns in climate data and models}},
  volume = {23},
  year = {2012}
}

@inproceedings{Potter2009,
  author = {Potter, Kristin and Wilson, Andrew and Bremer, Peer Timo and Williams, Dean and Doutriaux, Charles and Pascucci, Valerio and Johnson, Chris R.},
  booktitle = {ICDM Workshops 2009 - IEEE International Conference on Data Mining},
  doi = {10.1109/ICDMW.2009.55},
  isbn = {9780769539027},
  pages = {233--240},
  title = {{Ensemble-vis: A framework for the statistical visualization of ensemble data}},
  year = {2009}
}

@article{Joslyn2012,
  author = {Joslyn, Susan L. and LeClerc, Jared E.},
  doi = {10.1037/a0025185},
  issn = {1076898X},
  journal = {Journal of Experimental Psychology: Applied},
  number = {1},
  pages = {126--140},
  pmid = {21875244},
  title = {{Uncertainty forecasts improve weather-related decisions and attenuate the effects of forecast error}},
  volume = {18},
  year = {2012}
}

@article{Bella2005,
  author = {Bella, Sarah and Fidler, Fiona and Williams, Jennifer and Cumming, Geoff},
  doi = {10.1037/1082-989X.10.4.389},
  issn = {1082989X},
  journal = {Psychological Methods},
  number = {4},
  pages = {389--396},
  pmid = {16392994},
  title = {{Researchers misunderstand confidence intervals and standard error bars}},
  volume = {10},
  year = {2005}
}

@article{Gschwandtnei2016,
  author = {Gschwandtnei, Theresia and B{\"{o}}gl, Markus and Federico, Paolo and Miksch, Silvia},
  doi = {10.1109/TVCG.2015.2467752},
  issn = {10772626},
  journal = {IEEE Transactions on Visualization and Computer Graphics},
  month = {jan},
  number = {1},
  pages = {539--548},
  pmid = {26529717},
  publisher = {IEEE Computer Society},
  title = {{Visual Encodings of Temporal Uncertainty: A Comparative User Study}},
  volume = {22},
  year = {2016}
}

@article{Manski2020,
  author = {Manski, Charles F.},
  doi = {10.1017/S0266267119000105},
  issn = {14740028},
  journal = {Economics and Philosophy},
  number = {2},
  pages = {216--245},
  title = {{The lure of incredible certitude}},
  volume = {36},
  year = {2020}
}

@article{Buja2009,
  author = {Buja, Andreas and Cook, Dianne and Hofmann, Heike and Lawrence, Michael and Lee, Eun Kyung and Swayne, Deborah F. and Wickham, Hadley},
  doi = {10.1098/rsta.2009.0120},
  issn = {1364503X},
  journal = {Philosophical Transactions of the Royal Society A: Mathematical, Physical and Engineering Sciences},
  month = {nov},
  number = {1906},
  pages = {4361--4383},
  pmid = {19805449},
  publisher = {Royal Society},
  title = {{Statistical inference for exploratory data analysis and model diagnostics}},
  volume = {367},
  year = {2009}
}

@article{Wickham2011,
  author = {Wickham, Hadley and Hofmann, Heike},
  doi = {10.1109/TVCG.2011.227},
  issn = {10772626},
  journal = {IEEE Transactions on Visualization and Computer Graphics},
  number = {12},
  pages = {2223--2230},
  title = {{Product plots}},
  volume = {17},
  year = {2011}
}

@article{Han2009,
  author = {Han, Paul K.J. and Klein, William M.P. and Lehman, Thomas C. and Massett, Holly and Lee, Simon C. and Freedman, Andrew N.},
  doi = {10.1177/0272989X08327396},
  issn = {0272989X},
  journal = {Medical Decision Making},
  number = {3},
  pages = {391--403},
  pmid = {19470720},
  title = {{Laypersons' responses to the communication of uncertainty regarding cancer risk estimates}},
  volume = {29},
  year = {2009}
}

@article{VanderBles2020,
  author = {van der Bles, Anne Marthe and van der Linden, Sander and Freeman, Alexandra L.J. and Spiegelhalter, David J.},
  doi = {10.1073/pnas.1913678117},
  issn = {10916490},
  journal = {Proceedings of the National Academy of Sciences of the United States of America},
  keywords = {Communication,Contested,Posttruth,Trust,Uncertainty},
  number = {14},
  pages = {7672--7683},
  pmid = {32205438},
  title = {{The effects of communicating uncertainty on public trust in facts and numbers}},
  volume = {117},
  year = {2020}
}

@article{Hullman2018,
  author = {Hullman, Jessica and Kay, Matthew and Kim, Yea Seul and Shrestha, Samana},
  doi = {10.1109/TVCG.2017.2743898},
  issn = {10772626},
  journal = {IEEE Transactions on Visualization and Computer Graphics},
  keywords = {Graphical prediction,interactive uncertainty visualization,probability distribution,replication crisis},
  number = {1},
  pages = {446--456},
  pmid = {28866501},
  publisher = {IEEE},
  title = {{Imagining Replications: Graphical Prediction Discrete Visualizations Improve Recall Estimation of Effect Uncertainty}},
  volume = {24},
  year = {2018}
}

@article{Lee2021,
  author = {Lee, Crystal and Yang, Tanya and Inchoco, Gabrielle and Jones, Graham M. and Satyanarayan, Arvind},
  doi = {10.1145/3411764.3445211},
  eprint = {2101.07993},
  isbn = {9781450380966},
  journal = {Conference on Human Factors in Computing Systems - Proceedings},
  keywords = {Data lit-eracy,Data visualization,Digital ethnography,Facebook,Network analysis,Twitter},
  title = {{Viral visualizations: How coronavirus skeptics use orthodox data practices to promote unorthodox science online}},
  year = {2021}
}

@techreport{Hofmann2012,
  author = {Hofmann, Heike and Follett, Lendie and Majumder, Mahbubul and Cook, Dianne},
  isbn = {10772626/12},
  keywords = {Efficiency of displays,Index Terms-Lineups,Power comparison,Visual inference},
  title = {{Graphical Tests for Power Comparison of Competing Designs}},
  url = {http://www.public.iastate.edu/},
  year = {2012}
}

@article{Al-Kassab2014,
  author = {Al-Kassab, Jasser and Ouertani, Zied M and Schiuma, Giovanni and Neely, Andy},
  doi = {10.1142/S0219622014500497},
  journal = {International Journal of Information Technology & Decision Making},
  keywords = {Information visualization,RFID,management decisions,performance measurement,retail industry},
  number = {2},
  pages = {407--428},
  title = {{Information visualization to support management decisions}},
  url = {www.worldscientific.com},
  volume = {13},
  year = {2014}
}

@article{Boone2018,
  author = {Boone, Alexander P. and Gunalp, Peri and Hegarty, Mary},
  doi = {10.1037/xap0000166},
  issn = {1076898X},
  journal = {Journal of Experimental Psychology: Applied},
  keywords = {Decision-making,Reasoning,Uncertainty,Visualization},
  number = {3},
  pages = {275--295},
  pmid = {29963882},
  title = {{Explicit versus actionable knowledge: The influence of explaining graphical conventions on interpretation of hurricane forecast visualizations}},
  volume = {24},
  year = {2018}
}

@article{Padilla2022,
  author = {Padilla, Lace and Hosseinpour, Helia and Fygenson, Racquel and Howell, Jennifer and Chunara, Rumi and Bertini, Enrico},
  doi = {10.1038/s41598-022-05353-1},
  isbn = {0123456789},
  issn = {2045-2322},
  journal = {Scientific Reports 2022 12:1},
  month = {feb},
  number = {1},
  pages = {1--14},
  pmid = {35132079},
  publisher = {Nature Publishing Group},
  title = {{Impact of COVID-19 forecast visualizations on pandemic risk perceptions}},
  url = {https://www.nature.com/articles/s41598-022-05353-1},
  volume = {12},
  year = {2022}
}

@article{Gustafson2019,
  author = {Gustafson, Abel and Rice, Ronald E.},
  doi = {10.1177/1075547019870811},
  issn = {15528545},
  journal = {Science Communication},
  keywords = {GMO labeling,climate change,framing,science communication,uncertainty},
  number = {6},
  pages = {679--706},
  title = {{The Effects of Uncertainty Frames in Three Science Communication Topics}},
  volume = {41},
  year = {2019}
}

@article{Kiureghian2009,
  author = {Kiureghian, Armen Der and Ditlevsen, Ove},
  doi = {10.1016/j.strusafe.2008.06.020},
  issn = {01674730},
  journal = {Structural Safety},
  keywords = {Aleatory,Epistemic,Ergodicity,Parameter uncertainty,Predictive models,Probability distribution choice,Statistical dependence,Systems,Time-variant reliability,Uncertainty},
  number = {2},
  pages = {105--112},
  publisher = {Elsevier Ltd},
  title = {{Aleatory or epistemic? Does it matter?}},
  url = {http://dx.doi.org/10.1016/j.strusafe.2008.06.020},
  volume = {31},
  year = {2009}
}

@article{Webster2003,
  author = {Webster, Mort},
  doi = {10.1023/A:1026351131038},
  issn = {01650009},
  journal = {Climatic Change},
  number = {1-2},
  pages = {1--8},
  title = {{Communicating climate change uncertainty to policy-makers and the public: An Editorial Comment}},
  volume = {61},
  year = {2003}
}

@article{Correll2014,
  author = {Correll, Michael and Gleicher, Michael},
  doi = {10.1109/TVCG.2014.2346298},
  issn = {10772626},
  journal = {IEEE Transactions on Visualization and Computer Graphics},
  keywords = {Visual statistics,crowd-sourcing,empirical evaluation,information visualization},
  number = {12},
  pages = {2142--2151},
  pmid = {26356928},
  publisher = {IEEE},
  title = {{Error bars considered harmful: Exploring alternate encodings for mean and error}},
  volume = {20},
  year = {2014}
}

@article{Correll2018,
  author = {Correll, Michael and Moritz, Dominik and Heer, Jeffrey},
  doi = {10.1145/3173574.3174216},
  isbn = {9781450356206},
  journal = {Conference on Human Factors in Computing Systems - Proceedings},
  keywords = {Color perception,Semiotics,Thematic maps,Uncertainty visualization},
  pages = {1--11},
  title = {{Value-suppressing uncertainty Palettes}},
  volume = {2018-April},
  year = {2018}
}

@article{Lucchesi2017,
  author = {Lucchesi, Lydia R. and Wikle, Christopher K.},
  doi = {10.1002/sta4.150},
  issn = {20491573},
  journal = {Stat},
  number = {1},
  pages = {292--302},
  publisher = {Wiley-Blackwell Publishing Ltd},
  title = {{Visualizing uncertainty in areal data with bivariate choropleth maps, map pixelation and glyph rotation}},
  volume = {6},
  year = {2017}
}

@article{Walker2003,
  author = {Walker, W. E. and Harremoes, P. and Rotmans, J and {Van Der Sluijs}, J. P. and {Van Asselt}, M. B. A. and Janssen, P and {Krayer Von Krauss}, M. P.},
  issn = {1389-5176},
  journal = {Integrated Assessment},
  number = {1},
  pages = {5--17},
  title = {{Defining Uncertainty}},
  url = {https://www.narcis.nl/publication/RecordID/oai:tudelft.nl:uuid:fdc0105c-e601-402a-8f16-ca97e9963592},
  volume = {4},
  year = {2003}
}

@article{Vanderplas2015,
  author = {Vanderplas, Susan and Hofmann, Heike},
  doi = {10.1080/10618600.2014.951547},
  title = {{Signs of the Sine Illusion â€” Why We Need to Care Signs of the Sine Illusion â€” Why We Need to Care}},
  volume = {8600},
  year = {2015}
}

@article{Hullman2019,
  author = {Hullman, Jessica and Qiao, Xiaoli and Correll, Michael and Kale, Alex and Kay, Matthew},
  doi = {10.1109/TVCG.2018.2864889},
  issn = {19410506},
  journal = {IEEE Transactions on Visualization and Computer Graphics},
  month = {jan},
  number = {1},
  pages = {903--913},
  publisher = {IEEE Computer Society},
  title = {{In Pursuit of Error: A Survey of Uncertainty Visualization Evaluation}},
  volume = {25},
  year = {2019}
}

@article{Padilla2021,
  author = {Padilla, Lace M.K. and Powell, Maia and Kay, Matthew and Hullman, Jessica},
  doi = {10.3389/fpsyg.2020.579267},
  issn = {16641078},
  journal = {Frontiers in Psychology},
  month = {jan},
  publisher = {Frontiers Media S.A.},
  title = {{Uncertain About Uncertainty: How Qualitative Expressions of Forecaster Confidence Impact Decision-Making With Uncertainty Visualizations}},
  volume = {11},
  year = {2021}
}

@article{Maceachren2012,
  author = {Maceachren, Alan M. and Roth, Robert E. and O'Brien, James and Li, Bonan and Swingley, Derek and Gahegan, Mark},
  doi = {10.1109/TVCG.2012.279},
  issn = {10772626},
  journal = {IEEE Transactions on Visualization and Computer Graphics},
  keywords = {Uncertainty visualization,semiotics,uncertainty categories,visual variables},
  number = {12},
  pages = {2496--2505},
  publisher = {IEEE},
  title = {{Visual semiotics & uncertainty visualization: An empirical study}},
  volume = {18},
  year = {2012}
}

@article{anscombe,
	author = { F. J.   Anscombe },
	title = {Graphs in Statistical Analysis},
	journal = {The American Statistician},
	volume = {27},
	number = {1},
	pages = {17-21},
	year  = {1973},
	publisher = {Taylor \& Francis},
	URL = {https://www.tandfonline.com/doi/abs/10.1080/00031305.1973.10478966}
}

@Manual{datasaurpkg,
    title = {datasauRus: Datasets from the Datasaurus Dozen},
    author = {Steph Locke and Lucy {D'Agostino McGowan}},
    year = {2018},
    note = {R package version 0.1.4},
    url = {https://CRAN.R-project.org/package=datasauRus},
}

@article{Schenker2001,
  author = {Schenker, Nathaniel and Gentleman, Jane F.},
  doi = {10.1198/000313001317097960},
  issn = {00031305},
  journal = {American Statistician},
  keywords = {Efficiency,Inference,Power,Test of significance,Two-sample problem,Type I error},
  number = {3},
  pages = {182--186},
  title = {{On judging the significance of differences by examining the overlap between confidence intervals}},
  volume = {55},
  year = {2001}
}

@article{Lipshitz1997,
  author = {Lipshitz, Raanan and Strauss, Orna},
  journal = {Organizational Behavior and Human Decision Processes},
  number = {2},
  pages = {149--163},
  title = {{Organizational Behavior and Human Decision Processes, Volume 69, Issue 2}},
  volume = {69},
  year = {1997}
}

@article{utypo,
  author = {Walker, W. E. and Harremoes, P. and Rotmans, J and {Van Der Sluijs}, J. P. and {Van Asselt}, M. B. A. and Janssen, P and {Krayer Von Krauss}, M. P.},
  issn = {1389-5176},
  journal = {Integrated Assessment},
  keywords = {ignorance,integrated assessment,model-based decision support,policy analysis,risk assessment,uncertainty},
  number = {1},
  pages = {5--17},
  title = {{Defining Uncertainty}},
  url = {https://www.narcis.nl/publication/RecordID/oai:tudelft.nl:uuid:fdc0105c-e601-402a-8f16-ca97e9963592},
  volume = {4},
  year = {2003}
}

@Manual{fable,
  title = {fable: Forecasting Models for Tidy Time Series},
  author = {Mitchell O'Hara-Wild and Rob Hyndman and Earo Wang},
  year = {2023},
  note = {R package version 0.3.3},
  url = {https://CRAN.R-project.org/package=fable}
}

@book{wilke2019fundamentals,
  title={Fundamentals of Data Visualization: A Primer on Making Informative and Compelling Figures},
  author={Wilke, C.},
  isbn={9781492031086},
  lccn={2018277335},
  url={https://books.google.com.au/books?id=L3ajtgEACAAJ},
  year={2019},
  publisher={O'Reilly Media}
}

@article{Cleveland1984,
  author = {Cleveland, William S. and McGill, Robert},
  doi = {10.1080/01621459.1984.10478080},
  issn = {1537274X},
  journal = {Journal of the American Statistical Association},
  number = {387},
  pages = {531--554},
  title = {{Graphical perception: Theory, experimentation, and application to the development of graphical methods}},
  volume = {79},
  year = {1984}
}

@book{kosslyn2006graph,
  title={Graph design for the eye and mind},
  author={Kosslyn, Stephen M},
  year={2006},
  publisher={OUP USA}
}

@article{lucchesi2021vizumap,
  title={Vizumap: an R package for visualising uncertainty in spatial data},
  author={Lucchesi, Lydia R and Kuhnert, Petra M and Wikle, Christopher K},
  journal={Journal of Open Source Software},
  volume={6},
  number={59},
  pages={2409},
  year={2021}
}
@inproceedings{moritz2017trust,
  title={Trust, but verify: Optimistic visualizations of approximate queries for exploring big data},
  author={Moritz, Dominik and Fisher, Danyel and Ding, Bolin and Wang, Chi},
  booktitle={Proceedings of the 2017 CHI conference on human factors in computing systems},
  pages={2904--2915},
  year={2017}
}

@misc{huesatval, 
  title={The three components of color you need to understand}, 
  url={https://www.virtualartacademy.com/three-components-of-color/}, 
  journal={Virtual Art Academy}, 
  author={Dr Jahangeer Aslam Makhdoomi}, 
  year={2021}, 
  month={Nov}
  } 
  
@article{Kuhnert2018,
  author = {Kuhnert, P. M. and Pagendam, D. E. and Bartley, R. and Gladish, D. W. and Lewis, S. E. and Bainbridge, Z. T.},
  doi = {10.1071/MF17237},
  issn = {13231650},
  journal = {Marine and Freshwater Research},
  number = {8},
  pages = {1187--1200},
  title = {{Making management decisions in the face of uncertainty: A case study using the Burdekin catchment in the Great Barrier Reef}},
  volume = {69},
  year = {2018}
}

@article{Bauer2015,
  author = {Bauer, Jennifer R. and Rose, Kelly},
  doi = {10.1111/tgis.12158},
  issn = {14679671},
  journal = {Transactions in GIS},
  number = {3},
  pages = {377--397},
  title = {{Variable Grid Method: An Intuitive Approach for Simultaneously Quantifying and Visualizing Spatial Data and Uncertainty}},
  volume = {19},
  year = {2015}
}

@article{simons1999gorillas,
  title={Gorillas in our midst: Sustained inattentional blindness for dynamic events},
  author={Simons, Daniel J and Chabris, Christopher F},
  journal={perception},
  volume={28},
  number={9},
  pages={1059--1074},
  year={1999},
  publisher={SAGE Publications Sage UK: London, England}
}

@article{mack2003inattentional,
  title={Inattentional blindness: Looking without seeing},
  author={Mack, Arien},
  journal={Current directions in psychological science},
  volume={12},
  number={5},
  pages={180--184},
  year={2003},
  publisher={SAGE Publications Sage CA: Los Angeles, CA}
}

@inproceedings{kale2019decision,
  title={Decision-making under uncertainty in research synthesis: Designing for the garden of forking paths},
  author={Kale, Alex and Kay, Matthew and Hullman, Jessica},
  booktitle={Proceedings of the 2019 CHI conference on human factors in computing systems},
  pages={1--14},
  year={2019}
}

@article{Stenclik2021,
  author = {Stenclik, Derek and Bloom, Aaron and Cole, Wesley and Figueroa Acevedo, and Armando and Stephen, Gord and Tuohy, Aidan},
  journal = {Energy Systems Integration Group (ESIG)},
  pages = {38},
  title = {{Redefining Resource Adequacy for Modern Power Systems}},
  year = {2021}
}

