@article{Meng2014,
  author = {Meng, Xiao Li},
  doi = {10.1201/b16720-52},
  isbn = {9781482204988},
  journal = {Past, Present, and Future of Statistical Science},
  pages = {537--562},
  title = {{A trio of inference problems that could win you a nobel prize in statistics (if you help fund it)}},
  year = {2014}
}

@article{utypo,
  author = {Walker, W. E. and Harremoes, P. and Rotmans, J and {Van Der Sluijs}, J. P. and {Van Asselt}, M. B. A. and Janssen, P and {Krayer Von Krauss}, M. P.},
  issn = {1389-5176},
  journal = {Integrated Assessment},
  keywords = {ignorance,integrated assessment,model-based decision support,policy analysis,risk assessment,uncertainty},
  number = {1},
  pages = {5--17},
  title = {{Defining Uncertainty}},
  url = {https://www.narcis.nl/publication/RecordID/oai:tudelft.nl:uuid:fdc0105c-e601-402a-8f16-ca97e9963592},
  volume = {4},
  year = {2003}
}

@article{Bella2005,
  author = {Bella, Sarah and Fidler, Fiona and Williams, Jennifer and Cumming, Geoff},
  doi = {10.1037/1082-989X.10.4.389},
  issn = {1082989X},
  journal = {Psychological Methods},
  number = {4},
  pages = {389--396},
  pmid = {16392994},
  title = {{Researchers misunderstand confidence intervals and standard error bars}},
  volume = {10},
  year = {2005}
}

@article{anscombe,
	author = { F. J.   Anscombe },
	title = {Graphs in Statistical Analysis},
	journal = {The American Statistician},
	volume = {27},
	number = {1},
	pages = {17-21},
	year  = {1973},
	publisher = {Taylor \& Francis},
	URL = {https://www.tandfonline.com/doi/abs/10.1080/00031305.1973.10478966}
}

@Manual{datasaurpkg,
    title = {datasauRus: Datasets from the Datasaurus Dozen},
    author = {Steph Locke and Lucy {D'Agostino McGowan}},
    year = {2018},
    note = {R package version 0.1.4},
    url = {https://CRAN.R-project.org/package=datasauRus},
}

@book{Otsuka2023,
  address = {New York},
  author = {Otsuka, Jun},
  doi = {10.4324/9781003319061},
  edition = {1st ed},
  isbn = {9781003319061},
  pages = {204},
  publisher = {Routledge},
  title = {{Thinking About Statistics: The Philosophical Foundations}},
  year = {2023}
}

@article{Carlin2023,
  author = {Carlin, John B. and Moreno-Betancur, Margarita},
  eprint = {2309.06668},
  title = {{On the uses and abuses of regression models: a call for reform of statistical practice and teaching}},
  url = {http://arxiv.org/abs/2309.06668},
  year = {2023}
}

@article{Meng2021,
  author = {Meng, Xiao Li},
  doi = {10.1111/rssa.12762},
  issn = {1467985X},
  number = {4},
  pages = {1161--1175},
  title = {{Enhancing (publications on) data quality: Deeper data minding and fuller data confession}},
  volume = {184},
  year = {2021}
}

@article{Amar2005,
  author = {Amar, Robert and Eagan, James and Stasko, John},
  doi = {10.1109/INFVIS.2005.1532136},
  isbn = {078039464X},
  issn = {1522404X},
  pages = {111--117},
  title = {{Low-level components of analytic activity in information visualization}},
  year = {2005}
}

@article{Suh2023
  author = {Suh, Ashley and Appleby, Gabriel and Anderson, Erik W. and Finelli, Luca and Chang, Remco and Cashman, Dylan},
  doi = {10.1109/TVCG.2023.3259341},
  eprint = {2205.05749},
  issn = {19410506},
  journal = {IEEE Transactions on Visualization and Computer Graphics},
  number = {8},
  title = {{Are Metrics Enough? Guidelines for Communicating and Visualizing Predictive Models to Subject Matter Experts}},
  volume = {14},
  year = {2023}
}



